<record><leader>00000cas a22000007a 4500</leader><controlfield tag="001">18741408</controlfield><controlfield tag="008">881111d19691988mouwr ne      0    0eng d</controlfield><datafield ind1=" " ind2=" " tag="010"><subfield code="a">sn 88068103 </subfield></datafield><datafield ind1=" " ind2=" " tag="040"><subfield code="a">MQN</subfield><subfield code="b">eng</subfield><subfield code="c">MQN</subfield><subfield code="d">OCLCQ</subfield></datafield><datafield ind1="0" ind2=" " tag="130"><subfield code="a">Advance news (Advance, Mo. : 1969)</subfield></datafield><datafield ind1="1" ind2="4" tag="245"><subfield code="a">The Advance news.</subfield></datafield><datafield ind1=" " ind2=" " tag="260"><subfield code="a">Advance, Mo. :</subfield><subfield code="b">Delmar Barks,</subfield><subfield code="c">1969-1988.</subfield></datafield><datafield ind1=" " ind2=" " tag="300"><subfield code="a">v.</subfield></datafield><datafield ind1=" " ind2=" " tag="310"><subfield code="a">Weekly</subfield></datafield><datafield ind1="0" ind2=" " tag="362"><subfield code="a">Vol. 1, no. 1 (Sept. 24, 1969)-v. 19, no. 36 (Dec. 28, 1988).</subfield></datafield><datafield ind1=" " ind2="4" tag="651"><subfield code="a">Advance (Mo.)</subfield><subfield code="v">Newspapers.</subfield></datafield><datafield ind1=" " ind2=" " tag="752"><subfield code="a">United States</subfield><subfield code="b">Missouri</subfield><subfield code="c">Stoddard</subfield><subfield code="d">Advance.</subfield></datafield><datafield ind1="0" ind2="7" tag="780"><subfield code="t">Advertiser (Advance, Mo.)</subfield><subfield code="w">(DLC)sn 88068100</subfield></datafield><datafield ind1="0" ind2="0" tag="785"><subfield code="t">Advance statesman</subfield><subfield code="w">(DLC)sn 93059938</subfield></datafield></record>